[gd_scene load_steps=2 format=2]

[ext_resource path="res://addons/map_generator_plugin/ui/inspector_dock.gd" type="Script" id=1]

[node name="Map Generator" type="GridContainer"]
margin_right = 192.0
margin_bottom = 248.0
size_flags_horizontal = 3
script = ExtResource( 1 )
__meta__ = {
"_edit_use_anchors_": false
}

[node name="Seed" type="GridContainer" parent="."]
margin_right = 192.0
margin_bottom = 24.0
columns = 2

[node name="SeedLabel" type="Label" parent="Seed"]
margin_top = 5.0
margin_right = 94.0
margin_bottom = 19.0
size_flags_horizontal = 3
text = "Seed"
__meta__ = {
"_edit_use_anchors_": false
}

[node name="SeedRange" type="SpinBox" parent="Seed"]
margin_left = 98.0
margin_right = 192.0
margin_bottom = 24.0
grow_horizontal = 0
size_flags_horizontal = 3
value = 1.0
align = 2
__meta__ = {
"_edit_use_anchors_": false
}

[node name="HSeparator2" type="HSeparator" parent="."]
margin_top = 28.0
margin_right = 192.0
margin_bottom = 32.0
rect_pivot_offset = Vector2( -192, -16 )

[node name="Height" type="GridContainer" parent="."]
margin_top = 36.0
margin_right = 192.0
margin_bottom = 60.0
columns = 2

[node name="HeightLabel" type="Label" parent="Height"]
margin_top = 5.0
margin_right = 94.0
margin_bottom = 19.0
size_flags_horizontal = 3
text = "Height"
__meta__ = {
"_edit_use_anchors_": false
}

[node name="HeightRange" type="SpinBox" parent="Height"]
margin_left = 98.0
margin_right = 192.0
margin_bottom = 24.0
grow_horizontal = 0
size_flags_horizontal = 3
min_value = 3.0
value = 10.0
align = 2
__meta__ = {
"_edit_use_anchors_": false
}

[node name="Width" type="GridContainer" parent="."]
margin_top = 64.0
margin_right = 192.0
margin_bottom = 88.0
size_flags_horizontal = 3
columns = 2

[node name="WidthLabel" type="Label" parent="Width"]
margin_top = 5.0
margin_right = 94.0
margin_bottom = 19.0
size_flags_horizontal = 3
text = "Width"
__meta__ = {
"_edit_use_anchors_": false
}

[node name="WidthRange" type="SpinBox" parent="Width"]
margin_left = 98.0
margin_right = 192.0
margin_bottom = 24.0
grow_horizontal = 0
size_flags_horizontal = 3
min_value = 3.0
value = 10.0
align = 2
__meta__ = {
"_edit_use_anchors_": false
}

[node name="HSeparator" type="HSeparator" parent="."]
margin_top = 92.0
margin_right = 192.0
margin_bottom = 96.0
rect_pivot_offset = Vector2( -192, -16 )

[node name="EraseFraction" type="GridContainer" parent="."]
margin_top = 100.0
margin_right = 192.0
margin_bottom = 134.0

[node name="EraseFractionLabel" type="Label" parent="EraseFraction"]
margin_right = 192.0
margin_bottom = 14.0
size_flags_horizontal = 3
text = "Erase Fraction"

[node name="EraseFractionSlider" type="HSlider" parent="EraseFraction"]
margin_top = 18.0
margin_right = 192.0
margin_bottom = 34.0
size_flags_horizontal = 3
max_value = 0.5
step = 0.01
value = 0.5

[node name="HSeparator3" type="HSeparator" parent="."]
margin_top = 138.0
margin_right = 192.0
margin_bottom = 142.0
rect_pivot_offset = Vector2( -192, -16 )

[node name="StreetDensity" type="GridContainer" parent="."]
margin_top = 146.0
margin_right = 192.0
margin_bottom = 180.0

[node name="StreetDensityLabel" type="Label" parent="StreetDensity"]
margin_right = 192.0
margin_bottom = 14.0
size_flags_horizontal = 3
text = "Street Density"

[node name="StreetDensitySlider" type="HSlider" parent="StreetDensity"]
margin_top = 18.0
margin_right = 192.0
margin_bottom = 34.0
size_flags_horizontal = 3
min_value = 1.0
max_value = 4.0
value = 2.0

[node name="BuildingDensity" type="GridContainer" parent="."]
margin_top = 184.0
margin_right = 192.0
margin_bottom = 218.0

[node name="BuildingDensityLabel" type="Label" parent="BuildingDensity"]
margin_right = 192.0
margin_bottom = 14.0
size_flags_horizontal = 3
text = "Buildings Density"

[node name="BuildingDensitySlider" type="HSlider" parent="BuildingDensity"]
margin_top = 18.0
margin_right = 192.0
margin_bottom = 34.0
size_flags_horizontal = 3
min_value = 1.0
max_value = 4.0
value = 2.0

[node name="HSeparator4" type="HSeparator" parent="."]
margin_top = 222.0
margin_right = 192.0
margin_bottom = 226.0
rect_pivot_offset = Vector2( -192, -16 )

[node name="AutoSave" type="GridContainer" parent="."]
margin_top = 230.0
margin_right = 192.0
margin_bottom = 270.0
columns = 2
__meta__ = {
"_edit_use_anchors_": false
}

[node name="AutoSaveLabel" type="Label" parent="AutoSave"]
margin_top = 13.0
margin_right = 112.0
margin_bottom = 27.0
size_flags_horizontal = 3
text = "Auto Save"

[node name="AutoSaveToggle" type="CheckButton" parent="AutoSave"]
margin_left = 116.0
margin_right = 192.0
margin_bottom = 40.0

[node name="SaveMap" type="Button" parent="."]
margin_top = 274.0
margin_right = 192.0
margin_bottom = 294.0
size_flags_horizontal = 3
text = "Save"
__meta__ = {
"_edit_use_anchors_": false
}

[connection signal="value_changed" from="Seed/SeedRange" to="." method="_on_SeedRange_value_changed"]
[connection signal="value_changed" from="Height/HeightRange" to="." method="_on_HeightRange_value_changed"]
[connection signal="value_changed" from="Width/WidthRange" to="." method="_on_WidthRange_value_changed"]
[connection signal="value_changed" from="EraseFraction/EraseFractionSlider" to="." method="_on_EraseFractionSlider_value_changed"]
[connection signal="value_changed" from="StreetDensity/StreetDensitySlider" to="." method="_on_StreetDensitySlider_value_changed"]
[connection signal="value_changed" from="BuildingDensity/BuildingDensitySlider" to="." method="_on_BuildingDensitySlider_value_changed"]
[connection signal="toggled" from="AutoSave/AutoSaveToggle" to="." method="_on_AutoSaveToggle_toggled"]
[connection signal="pressed" from="SaveMap" to="." method="_on_SaveMap_pressed"]
